@misc{ishikawa2022dynamiccollaborativefilteringthompson,
      title={Dynamic collaborative filtering Thompson Sampling for cross-domain advertisements recommendation}, 
      author={Shion Ishikawa and Young-joo Chung and Yu Hirate},
      year={2022},
      eprint={2208.11926},
      archivePrefix={arXiv},
      primaryClass={cs.IR},
      url={https://arxiv.org/abs/2208.11926}, 
}