@misc{CN,
      title={Citation Needed}, 
      author={Tom, Dick, and Harry},
      url={https://arxiv.org/abs/2208.11926}, 
}

@misc{hancock2018trainingclassifiersnaturallanguage,
      title={Training Classifiers with Natural Language Explanations}, 
      author={Braden Hancock and Paroma Varma and Stephanie Wang and Martin Bringmann and Percy Liang and Christopher RÃ©},
      year={2018},
      eprint={1805.03818},
      archivePrefix={arXiv},
      primaryClass={cs.CL},
      url={https://arxiv.org/abs/1805.03818}, 
}

