@article{mu2022emergentcomms,
  author       = {Jesse Mu and
                  Noah D. Goodman},
  title        = {Emergent Communication of Generalizations},
  journal      = {CoRR},
  volume       = {abs/2106.02668},
  year         = {2021},
  url          = {https://arxiv.org/abs/2106.02668},
  eprinttype    = {arXiv},
  eprint       = {2106.02668},
  timestamp    = {Thu, 10 Jun 2021 16:34:18 +0200},
  biburl       = {https://dblp.org/rec/journals/corr/abs-2106-02668.bib},
  bibsource    = {dblp computer science bibliography, https://dblp.org}
}