@misc{CN,
      title={Citation Needed}, 
      author={Tom, Dick, and Harry},
      url={https://arxiv.org/abs/2208.11926}, 
}

