@misc{bellemare2017distributionalperspectivereinforcementlearning,
      title={A Distributional Perspective on Reinforcement Learning}, 
      author={Marc G. Bellemare and Will Dabney and RÃ©mi Munos},
      year={2017},
      eprint={1707.06887},
      archivePrefix={arXiv},
      primaryClass={cs.LG},
      url={https://arxiv.org/abs/1707.06887}, 
}