@article{jeunen2022learning,
  title={Learning to bid with AuctionGym},
  author={Jeunen, Olivier and Murphy, Sean and Allison, Ben},
  year={2022}
}

@inproceedings{jeunen2023offpolicy,
		author = {Jeunen, Olivier and Murphy, Sean and Allison, Ben},
		title = {Off-Policy Learning-to-Bid with AuctionGym},
		year = {2023},
		isbn = {9798400701030},
		publisher = {Association for Computing Machinery},
		address = {New York, NY, USA},
		url = {https://doi.org/10.1145/3580305.3599877},
		doi = {10.1145/3580305.3599877},
		booktitle = {Proceedings of the 29th ACM SIGKDD Conference on Knowledge Discovery and Data Mining},
		pages = {4219â€“4228},
		numpages = {10},
		keywords = {online advertising, counterfactual inference, off-policy learning},
		location = {Long Beach, CA, USA},
		series = {KDD '23}
	}
