@misc{CN,
      title={Citation Needed}, 
      author={Tom, Dick, and Harry},
      url={https://arxiv.org/abs/2208.11926}, 
}

## Agent 57
@misc{badia2020agent57outperformingatarihuman,
      title={Agent57: Outperforming the Atari Human Benchmark}, 
      author={Adrià Puigdomènech Badia and Bilal Piot and Steven Kapturowski and Pablo Sprechmann and Alex Vitvitskyi and Daniel Guo and Charles Blundell},
      year={2020},
      eprint={2003.13350},
      archivePrefix={arXiv},
      primaryClass={cs.LG},
      url={https://arxiv.org/abs/2003.13350}, 
}

## Never Give Up
@misc{badia2020uplearningdirectedexploration,
      title={Never Give Up: Learning Directed Exploration Strategies}, 
      author={Adrià Puigdomènech Badia and Pablo Sprechmann and Alex Vitvitskyi and Daniel Guo and Bilal Piot and Steven Kapturowski and Olivier Tieleman and Martín Arjovsky and Alexander Pritzel and Andew Bolt and Charles Blundell},
      year={2020},
      eprint={2002.06038},
      archivePrefix={arXiv},
      primaryClass={cs.LG},
      url={https://arxiv.org/abs/2002.06038}, 
}

## R2D2
@inproceedings{
kapturowski2018recurrent,
title={Recurrent Experience Replay in Distributed Reinforcement Learning},
author={Steven Kapturowski and Georg Ostrovski and Will Dabney and John Quan and Remi Munos},
booktitle={International Conference on Learning Representations},
year={2019},
url={https://openreview.net/forum?id=r1lyTjAqYX},
}


BibTeX
MLA
APA
Chicago
@article{Mnih2015HumanlevelCT,
  title={Human-level control through deep reinforcement learning},
  author={Volodymyr Mnih and Koray Kavukcuoglu and David Silver and Andrei A. Rusu and Joel Veness and Marc G. Bellemare and Alex Graves and Martin A. Riedmiller and Andreas Kirkeby Fidjeland and Georg Ostrovski and Stig Petersen and Charlie Beattie and Amir Sadik and Ioannis Antonoglou and Helen King and Dharshan Kumaran and Daan Wierstra and Shane Legg and Demis Hassabis},
  journal={Nature},
  year={2015},
  volume={518},
  pages={529-533},
  url={https://api.semanticscholar.org/CorpusID:205242740}
}

@misc{wang2016duelingnetworkarchitecturesdeep,
      title={Dueling Network Architectures for Deep Reinforcement Learning}, 
      author={Ziyu Wang and Tom Schaul and Matteo Hessel and Hado van Hasselt and Marc Lanctot and Nando de Freitas},
      year={2016},
      eprint={1511.06581},
      archivePrefix={arXiv},
      primaryClass={cs.LG},
      url={https://arxiv.org/abs/1511.06581}, 
}

@misc{vanhasselt2015deepreinforcementlearningdouble,
      title={Deep Reinforcement Learning with Double Q-learning}, 
      author={Hado van Hasselt and Arthur Guez and David Silver},
      year={2015},
      eprint={1509.06461},
      archivePrefix={arXiv},
      primaryClass={cs.LG},
      url={https://arxiv.org/abs/1509.06461}, 
}